<record><leader>00000cas a22000007a 4500</leader><controlfield tag="001">19401630</controlfield><controlfield tag="008">890320c19839999mduwr ne      0    0eng d</controlfield><datafield ind1=" " ind2=" " tag="010"><subfield code="a">sn 88065766 </subfield></datafield><datafield ind1=" " ind2=" " tag="040"><subfield code="a">MFN</subfield><subfield code="b">eng</subfield><subfield code="c">MFN</subfield><subfield code="d">OCLCQ</subfield></datafield><datafield ind1=" " ind2=" " tag="042"><subfield code="a">msc</subfield></datafield><datafield ind1="0" ind2="4" tag="245"><subfield code="a">The Mt. Airy courier-gazette.</subfield></datafield><datafield ind1="3" ind2="0" tag="246"><subfield code="a">Mount Airy courier-gazette</subfield></datafield><datafield ind1=" " ind2=" " tag="260"><subfield code="a">Damascus, Md. :</subfield><subfield code="b">Gaithersburg Pub. Co.</subfield></datafield><datafield ind1=" " ind2=" " tag="300"><subfield code="a">v.</subfield></datafield><datafield ind1=" " ind2=" " tag="310"><subfield code="a">Weekly</subfield></datafield><datafield ind1="0" ind2=" " tag="362"><subfield code="a">Vol. 6, no. 27 (May 11, 1983)-</subfield></datafield><datafield ind1=" " ind2=" " tag="752"><subfield code="a">United States</subfield><subfield code="b">Maryland</subfield><subfield code="c">Montgomery</subfield><subfield code="d">Damascus.</subfield></datafield><datafield ind1=" " ind2=" " tag="752"><subfield code="a">United States</subfield><subfield code="b">Maryland</subfield><subfield code="c">Carroll</subfield><subfield code="d">Mount Airy.</subfield></datafield><datafield ind1="0" ind2="0" tag="780"><subfield code="t">Courier, Mt. Airy, Damascus</subfield><subfield code="w">(DLC)sn 88065763</subfield></datafield></record>